% Encoding: UTF-8

@InProceedings{stamatatos:2016,
  author    = {Efstathios Stamatatos and Michael Tschuggnall and Ben Verhoeven and Walter Daelemans and G{\"u}nther Specht and Benno Stein and Martin Potthast},
  title     = {Clustering by Authorship Within and Across Documents},
  booktitle = {Working Notes Papers of the CLEF 2016 Evaluation Labs},
  year      = {2016},
  series    = {CEUR Workshop Proceedings},
  month     = sep,
  publisher = {CLEF and CEUR-WS.org},
  issn      = {1613-0073},
}

@InProceedings{potthast2014improving,
  author       = {Potthast, Martin and Gollub, Tim and Rangel, Francisco and Rosso, Paolo and Stamatatos, Efstathios and Stein, Benno},
  title        = {Improving the Reproducibility of PANâ€™s Shared Tasks},
  booktitle    = {International Conference of the Cross-Language Evaluation Forum for European Languages},
  year         = {2014},
  pages        = {268--299},
  organization = {Springer},
}

@Article{mikolov2013efficient,
  author  = {Mikolov, Tomas and Chen, Kai and Corrado, Greg and Dean, Jeffrey},
  title   = {Efficient estimation of word representations in vector space},
  journal = {arXiv preprint arXiv:1301.3781},
  year    = {2013},
}

@Comment{jabref-meta: databaseType:bibtex;}
